<?xml version="1.0" encoding="UTF-8"?><collection xmlns="http://www.loc.gov/MARC21/slim"><record><leader>00543nam--2200181-i-4500</leader><controlfield tag="001">000047264</controlfield><controlfield tag="002">20161230</controlfield><controlfield tag="005">20161230201046</controlfield><controlfield tag="008">060222s1000------------r-----000-0-ger-d</controlfield><datafield ind1=" " ind2=" " tag="040"><subfield code="a">IFIN-HH</subfield></datafield><datafield ind1=" " ind2=" " tag="041"><subfield code="a">ger</subfield></datafield><datafield ind1=" " ind2=" " tag="080"><subfield code="a">539.17</subfield></datafield><datafield ind1="1" ind2=" " tag="100"><subfield code="a">Weng, Friedrich</subfield></datafield><datafield ind1="1" ind2="0" tag="245"><subfield code="a">Untersuchung von (p, alfa) - reaktionen an den kernen der 1p - schale im energiebereich von ep=22,5 - 45 mev</subfield><subfield code="b">Dissertation</subfield><subfield code="c">Friesrich weng</subfield></datafield><datafield ind1=" " ind2=" " tag="260"><subfield code="a">Tubingen</subfield><subfield code="b">Fakultat Fur Physik</subfield><subfield code="c">1979</subfield></datafield><datafield ind1=" " ind2=" " tag="300"><subfield code="a">78P</subfield></datafield><datafield ind1=" " ind2=" " tag="852"><subfield code="a">75659</subfield><subfield code="c">539.17</subfield></datafield><datafield ind1=" " ind2=" " tag="CAT"><subfield code="a">Sys</subfield><subfield code="c">20120625</subfield><subfield code="h">160022</subfield></datafield></record></collection>